@book{oppenheim,
  title={Discrete-Time Signal Processing},
  author={A.V. Oppenheim and R.W. Schafer},
  year={2010},
  publisher={Prentice Hall}
}

@misc{script,
title = {{Modulación Sigma-Delta}},
howpublished = "\url{https://github.com/dann2207/Laboratorio_6y7/tree/main}",
year = {2021},
author = {Pinto Zárate, José Daniel},
%month = {8},
}

@article{delarosa2011,
  author  = {José M. de la Rosa}, 
  title   = {Sigma-Delta Modulators: Tutorial Overview, Design Guide, and State-of-the-Art Survey},
  %journal = {The name of the journal},
  year    = 2011,
  %number  = 2,
  %pages   = {201-213},
  %month   = 7,
  %note    = {An optional note}, 
  %volume  = 4
}

@article{aziz1996,
  author  = {Pervez M. Aziz}, 
  title   = {An Overview of Sigma-Delta Converters},
  journal = {IEEE Signal Processing Magazine},
  year    = 1996,
  %number  = 2,
  %pages   = {201-213},
  %month   = 7,
  %note    = {An optional note}, 
  %volume  = 4
}

@article{behr2012,
  author  = {R. Behr et al.}, 
  title   = {Development and metrological applications of Josephson arrays at PTB},
  journal = {IOP PUBLISHING},
  year    = 2012,
  %number  = 2,
  %pages   = {201-213},
  %month   = 7,
  %note    = {An optional note}, 
  %volume  = 4
}

@article{benz1998,
  author  = {S.P. Benz et al.}, 
  title   = {Pulse-Driven Josephson Digital/Analog Converter},
  journal = {IEEE TRANSACTIONS ON APPLIED SUPERCONDUCTIVITY},
  year    = 1998,
  volume  = 8
}

@article{kohlmann2009,
  author  = {J. Kohlmann et al.}, 
  title   = {Development and Investigation of SNS Josephson Arrays for the Josephson Arbitrary Waveform Synthesizer},
  journal = {IEEE TRANSACTIONS ON INSTRUMENTATION AND MEASUREMENT},
  year    = 2009,
  volume  = 58
}

@article{kieler2009,
  author  = {O. Kieler et al.}, 
  title   = {Sub-$\mu$m SNS Josephson Junction Arrays for the Josephson Arbitrary Waveform Synthesizer},
  journal = {IEEE TRANSACTIONS ON APPLIED SUPERCONDUCTIVITY},
  year    = 2009,
  volume  = 19
}

@article{benz1996,
author = {Benz,S. P.  and Hamilton,C. A. },
title = {A pulse‐driven programmable Josephson voltage standard},
journal = {Applied Physics Letters},
volume = {68},
number = {22},
pages = {3171-3173},
year = {1996},
doi = {10.1063/1.115814},
URL = { 
        https://doi.org/10.1063/1.115814
},
eprint = { 
        https://doi.org/10.1063/1.115814
}
}

@misc{DSmatlab,
  title = {Delta Sigma Toolbox},
  howpublished = {\url{https://www.mathworks.com/matlabcentral/fileexchange/19-delta-sigma-toolbox}},
  author = {Richard Schreier},
  note = {Accessed: 2020-08-20}
}



@misc{DSpython,
  title = {python-deltasigma},
  howpublished = {\url{http://www.python-deltasigma.io/}},
  author = {G. Venturini},
  note = {Accessed: 2020-08-20}
}

@misc{fpga,
  title = {Xilinx Zynq-7000 SoC ZC706 Evaluation Kit},
  howpublished = {\url{https://www.xilinx.com/products/boards-and-kits/ek-z7-zc706-g.html}},
  note = {Accessed: 2020-08-20}
}